@article{Murase2021,
  title = {Deep Learning Exploration of Agent-Based Social Network Model Parameters},
  volume = {4},
  ISSN = {2624-909X},
  url = {http://dx.doi.org/10.3389/fdata.2021.739081},
  DOI = {10.3389/fdata.2021.739081},
  journal = {Frontiers in Big Data},
  publisher = {Frontiers Media SA},
  author = {Murase,  Yohsuke and Jo,  Hang-Hyun and T\"{o}r\"{o}k,  János and Kertész,  János and Kaski,  Kimmo},
  year = {2021},
  month = sep 
}

@article{Lopez2024,
  title = {Adaptive Dynamic Social Networks Using an Agent-Based Model to Study the Role of Social Awareness in Infectious Disease Spread},
  url = {http://dx.doi.org/10.1101/2024.07.16.24310475},
  DOI = {10.1101/2024.07.16.24310475},
  publisher = {Cold Spring Harbor Laboratory},
  author = {López,  Leonardo and Giovanini,  Leonardo},
  year = {2024},
  month = jul 
}

@article{Andarlia2021,
  title = {An Agent-Based Model of Contagion Effects in Affected Depression and Its Recovery Process},
  volume = {1751},
  ISSN = {1742-6596},
  url = {http://dx.doi.org/10.1088/1742-6596/1751/1/012007},
  DOI = {10.1088/1742-6596/1751/1/012007},
  number = {1},
  journal = {Journal of Physics: Conference Series},
  publisher = {IOP Publishing},
  author = {Andarlia,  H T and Gunawan,  I},
  year = {2021},
  month = jan,
  pages = {012007}
}

@article{Benny2022,
  title = {Modelling Maternal Depression: An Agent-Based Model to Examine the Complex Relationship between Relative Income and Depression},
  volume = {19},
  ISSN = {1660-4601},
  url = {http://dx.doi.org/10.3390/ijerph19074208},
  DOI = {10.3390/ijerph19074208},
  number = {7},
  journal = {International Journal of Environmental Research and Public Health},
  publisher = {MDPI AG},
  author = {Benny,  Claire and Yamamoto,  Shelby and McDonald,  Sheila and Chari,  Radha and Pabayo,  Roman},
  year = {2022},
  month = apr,
  pages = {4208}
}

@article{Romanyukha2023,
  title = {The trade-off between COVID-19 and mental diseases burden during a lockdown: Mathematical modeling of control measures},
  volume = {8},
  ISSN = {2468-0427},
  url = {http://dx.doi.org/10.1016/j.idm.2023.04.003},
  DOI = {10.1016/j.idm.2023.04.003},
  number = {2},
  journal = {Infectious Disease Modelling},
  publisher = {Elsevier BV},
  author = {Romanyukha,  Alexei Alexeevich and Novikov,  Konstantin Alexandrovich and Avilov,  Konstantin Konstantinovich and Nestik,  Timofey Alexandrovich and Sannikova,  Tatiana Evgenevna},
  year = {2023},
  month = jun,
  pages = {403–414}
}


